@Book{xie2015,
  title = {Dynamic Documents with {R} and knitr},
  author = {Yihui Xie},
  publisher = {Chapman and Hall/CRC},
  address = {Boca Raton, Florida},
  year = {2015},
  edition = {2nd},
  note = {ISBN 978-1498716963},
  url = {http://yihui.name/knitr/},
}
@article{leeper2020measuring,
  title={Measuring subgroup preferences in conjoint experiments},
  author={Leeper, Thomas J and Hobolt, Sara B and Tilley, James},
  journal={Political Analysis},
  volume={28},
  number={2},
  pages={207--221},
  year={2020},
  publisher={Cambridge University Press}
}
@article{hainmueller2014causal,
  title={Causal inference in conjoint analysis: Understanding multidimensional choices via stated preference experiments},
  author={Hainmueller, Jens and Hopkins, Daniel J and Yamamoto, Teppei},
  journal={Political analysis},
  volume={22},
  number={1},
  pages={1--30},
  year={2014},
  publisher={Cambridge University Press}
}
@article{huff2018public,
  title={How the public defines terrorism},
  author={Huff, Connor and Kertzer, Joshua D},
  journal={American Journal of Political Science},
  volume={62},
  number={1},
  pages={55--71},
  year={2018},
  publisher={Wiley Online Library}
}
